@inproceedings{moseley06out,
  author={Ben Moseley and Peter Marks},
  booktitle={Software Practice Advancement Conference 2006},
  conference-location={Bedfordshire, UK},
  title={Out of the Tar Pit},
  year={2006},
  url={http://shaffner.us/cs/papers/tarpit.pdf},
  urlaccessdate={3 mar. 2016},
}

@comment não usado
@ARTICLE{Hughes89whyfpmatters,
    author = {John Hughes},
    title = {Why functional programming matters},
    journal = {The Computer Journal},
    year = {1989},
    volume = {32},
    pages = {98--107}
}

@MISC{Elliott97franimation,
    author = {Conal Elliott and Paul Hudak},
    title = {Functional Reactive Animation},
    year = {1997}
}

@phdthesis{reppy1992higher,
  address={Ithaca, NY, USA},
  author={Reppy, John H},
  pages={207},
  school={Department of Computer Science, Cornell University},
  title={Higher-order concurrency},
  type={Doctor of Philosophy},
  year={1992},
  url={people.cs.uchicago.edu/~jhr/papers/1992/phd-thesis.ps.gz},
  urlaccessdate={23 abr. 2016}
}

@techreport{maier2010deprecating,
  address={Lausana, Suiça},
  author={Maier, Ingo and Rompf, Tiark and Odersky, Martin},
  organization={\'Ecole Polytechnique F\'ed\'erale de Lausanne},
  pages={18},
  title={Deprecating the observer pattern},
  year={2010},
  url={https://infoscience.epfl.ch/record/148043/files/DeprecatingObserversTR2010.pdf},
  urlaccessdate={23 abr. 2016},
}

@inproceedings{edwards2009coherent,
  author={Edwards, Jonathan},
  title={Coherent Reaction},
  booktitle={Proceedings of the 24th ACM SIGPLAN Conference Companion on Object Oriented Programming Systems Languages and Applications},
  series={OOPSLA '09},
  year={2009},
  isbn={978-1-60558-768-4},
  location={Orlando, Florida, USA},
  pages={925--932},
  numpages={8},
  url={http://www.subtext-lang.org/Onward09.pdf},
  urlaccessdate={21 abr. 2016},
  doi={10.1145/1639950.1640058},
  acmid={1640058},
  publisher={ACM},
  address={New York, NY, USA},
}

@inproceedings{fischer2007tasks,
  author = {Fischer, Jeffrey and Majumdar, Rupak and Millstein, Todd},
  title = {Tasks: Language Support for Event-driven Programming},
  booktitle = {Proceedings of the 2007 ACM SIGPLAN Symposium on Partial Evaluation and Semantics-based Program Manipulation},
  series = {PEPM '07},
  year = {2007},
  isbn = {978-1-59593-620-2},
  location = {Nice, France},
  pages = {134--143},
  numpages = {10},
  url = {http://web.cs.ucla.edu/~todd/research/pepm07.pdf},
  urlaccessdate={26 maio 2016},
  doi = {10.1145/1244381.1244403},
  acmid = {1244403},
  publisher = {ACM},
  address = {New York, NY, USA},
}

@article{meyerovich2009flapjax,
  author={Meyerovich, Leo A. and Guha, Arjun and Baskin, Jacob and Cooper, Gregory H. and Greenberg, Michael and Bromfield, Aleks and Krishnamurthi, Shriram},
  title={Flapjax: A Programming Language for Ajax Applications},
  journal={SIGPLAN Not.},
  issue_date={October 2009},
  volume={44},
  number={10},
  month={out.},
  year={2009},
  issn={0362-1340},
  pages={1--20},
  numpages={20},
  url={https://cs.brown.edu/~sk/Publications/Papers/Published/mgbcgbk-flapjax/paper.pdf},
  urlaccessdate={14 abr. 2016},
  doi={10.1145/1639949.1640091},
  acmid={1640091},
  publisher={ACM},
  address={New York, NY, USA},
  keywords={functional reactive programming, javascript, web programming},
}

@article{muller2015interactive,
  author={Muller, Stefan K and Acar, Umut A and Duff, William and Harper, Robert},
  title={Interactive Computation in an Open World},
  year={2015},
  url={http://repository.cmu.edu/compsci/2643/},
  urlaccessdate={20 abr. 2016},
}

@techreport{muller2015practical,
  address={Pittsburgh, PA, USA},
  author={Muller, Stefan K and Duff, William A and Acar, Umut A},
  institution={School of Computer Science, Carnegie Mellon University},
  pages={31},
  title={Practical Abstractions for Concurrent Interactive Programs},
  year={2015},
  url={http://reports-archive.adm.cs.cmu.edu/anon/anon/home/ftp/2015/CMU-CS-15-131.pdf},
  urlaccessdate={20 abr. 2016},
}

@article{garrett2005ajax,
  author={Garrett, Jesse James},
  title={Ajax: A new approach to web applications},
  url={http://adaptivepath.org/ideas/ajax-new-approach-web-applications},
  urlaccessdate={19 abr. 2016},
  year={2005}
}

@monography{kuntze2008aplicacoesricas,
  address={Florian\'opolis},
  author={Kuntze, Ulysses},
  pages={120},
  school={Departamento de Informática e Estatística,
    Universidade Federal de Santa Caratina},
  title={Aplica{\c{c}}{\~o}es Ricas com Ajax},
  type={Bacharel em Sistemas de Informação},
  url={https://projetos.inf.ufsc.br/arquivos_projetos/projeto_482/Aplica%E7%F5es_Ricas_com_Ajax_%96_Disserta%E7%E3o.pdf},
  urlaccessdate={5 abr. 2016},
  year={2008}
}

@inproceedings{jarvi2008propertyd,
  title={Property models: from incidental algorithms to reusable components},
  author={J{\"a}rvi, Jaakko and Marcus, Mat and Parent, Sean and Freeman, John and Smith, Jacob N},
  booktitle={Proceedings of the 7th international conference on Generative programming and component engineering},
  pages={89--98},
  year={2008},
  organization={ACM}
}

@inproceedings{jarvi2008property,
  author={J\"{a}rvi, Jaakko and Marcus, Mat and Parent, Sean and Freeman, John and Smith, Jacob N.},
  title={Property Models: From Incidental Algorithms to Reusable Components},
  booktitle={Proceedings of the 7th International Conference on Generative Programming and Component Engineering},
  series={GPCE '08},
  year={2008},
  isbn={978-1-60558-267-2},
  location={Nashville, TN, USA},
  pages={89--98},
  numpages={10},
  url={https://parasol.tamu.edu/~jarvi/papers/gpce08.pdf},
  urlaccessdate={23 abr. 2016},
  doi={10.1145/1449913.1449927},
  acmid={1449927},
  publisher={ACM},
  address={New York, NY, USA},
  keywords={component software, constraint systems, declarative specifications, software reuse, user interfaces},
}

@comment não usado
@book{thau2000javascript,
  title={The Book of JavaScript: A Practical guide to interactive Web pages},
  author={Thau, Dave},
  year={2000},
  publisher={No Starch Press}
}

@comment não usado
@article{paolini1995netscape,
  address={Mountain View, CA, USA},
  organization={Netscape Communications Corporation and Sun Microsystems, Inc.},
  publisher={PR Newswire},
  title={Netscape and Sun Announce JavaScript, The Open Cross-Platform Object Scripting language for Enterprise Networks and the Internet},
  url={http://www6.uniovi.es/java-http/pr951204-03.html},
  urlaccessdate={23 abr. 2016},
  year={1995}
}

@comment não usado
@article{bainomugisha2013survey,
  title={A survey on reactive programming},
  author={Bainomugisha, Engineer and Carreton, Andoni Lombide and Cutsem, Tom van and Mostinckx, Stijn and Meuter, Wolfgang de},
  journal={ACM Computing Surveys (CSUR)},
  volume={45},
  number={4},
  pages={52},
  year={2013},
  publisher={ACM}
}

@book{gil2010metodos,
  title={M{\'e}todos e t{\'e}cnicas de pesquisa social},
  author={Gil, Antonio Carlos},
  year={2008},
  address={São Paulo},
  publisher={Atlas},
  url={https://ayanrafael.files.wordpress.com/2011/08/gil-a-c-mc3a9todos-e-tc3a9cnicas-de-pesquisa-social.pdf}
}

@book{gerhardt2009metodos,
  title={M{\'e}todos de pesquisa},
  author={Gerhardt, Tatiana Engel and Silveira, Denise Tolfo},
  year={2009},
  address={Porto Alegre},
  publisher={Editora da UFRGS}
}

@book{santos2005manual,
  title={Manual de m{\'e}todos e t{\'e}cnicas de pesquisa cient{\'\i}fica},
  author={dos Santos, Izequias Estevam},
  year={2005},
  address={Niterói, RJ},
  publisher={Impetus}
}
